<record><leader>00000cas a2200000 a 4500</leader><controlfield tag="001">33725021</controlfield><controlfield tag="008">951124d19521952azuwr ne      0    0eng d</controlfield><datafield ind1=" " ind2=" " tag="010"><subfield code="a">sn 95060631 </subfield></datafield><datafield ind1=" " ind2=" " tag="040"><subfield code="a">ANN</subfield><subfield code="b">eng</subfield><subfield code="c">ANN</subfield><subfield code="d">OCLCF</subfield><subfield code="d">OCLCO</subfield></datafield><datafield ind1="1" ind2=" " tag="029"><subfield code="a">AU@</subfield><subfield code="b">000012176256</subfield></datafield><datafield ind1=" " ind2=" " tag="042"><subfield code="a">msc</subfield></datafield><datafield ind1=" " ind2=" " tag="043"><subfield code="a">n-us-az</subfield></datafield><datafield ind1="0" ind2="0" tag="245"><subfield code="a">Arizona plain talk combined with fax.</subfield></datafield><datafield ind1=" " ind2=" " tag="260"><subfield code="a">Phoenix, Ariz. :</subfield><subfield code="b">R. Busey,</subfield><subfield code="c">1952.</subfield></datafield><datafield ind1=" " ind2=" " tag="300"><subfield code="a">v.</subfield></datafield><datafield ind1=" " ind2=" " tag="310"><subfield code="a">Weekly</subfield></datafield><datafield ind1="0" ind2=" " tag="362"><subfield code="a">Vol. 21, no. 18 (May 16, 1952)-v. 21, no. 39 (Oct 17, 1952).</subfield></datafield><datafield ind1=" " ind2=" " tag="580"><subfield code="a">Formed by the union of:  Arizona plain talk, and: Arizona fax.</subfield></datafield><datafield ind1=" " ind2="0" tag="651"><subfield code="a">Phoenix (Ariz.)</subfield><subfield code="v">Newspapers.</subfield></datafield><datafield ind1=" " ind2="0" tag="651"><subfield code="a">Maricopa County (Ariz.)</subfield><subfield code="v">Newspapers.</subfield></datafield><datafield ind1=" " ind2="7" tag="655"><subfield code="a">Newspapers.</subfield><subfield code="2">fast</subfield><subfield code="0">(OCoLC)fst01423814</subfield></datafield><datafield ind1=" " ind2="7" tag="651"><subfield code="a">Arizona</subfield><subfield code="z">Maricopa County.</subfield><subfield code="2">fast</subfield><subfield code="0">(OCoLC)fst01217111</subfield></datafield><datafield ind1=" " ind2="7" tag="651"><subfield code="a">Arizona</subfield><subfield code="z">Phoenix.</subfield><subfield code="2">fast</subfield><subfield code="0">(OCoLC)fst01213753</subfield></datafield><datafield ind1=" " ind2=" " tag="752"><subfield code="a">United States</subfield><subfield code="b">Arizona</subfield><subfield code="c">Maricopa</subfield><subfield code="d">Phoenix.</subfield></datafield><datafield ind1="1" ind2="4" tag="780"><subfield code="t">Arizona plain talk</subfield><subfield code="w">(DLC)sn 95060630</subfield></datafield><datafield ind1="1" ind2="4" tag="780"><subfield code="t">Arizona fax</subfield><subfield code="w">(OCoLC)24789638</subfield></datafield><datafield ind1="0" ind2="0" tag="785"><subfield code="t">Arizona free press</subfield><subfield code="w">(DLC)sn 95060617</subfield></datafield></record>